
@article{maynard_smith_logic_1973,
	title = {The {Logic} of {Animal} {Conflict}},
	volume = {246},
	issn = {0028-0836, 1476-4687},
	url = {http://www.nature.com/articles/246015a0},
	doi = {10.1038/246015a0},
	language = {en},
	number = {5427},
	urldate = {2019-06-04},
	journal = {Nature},
	author = {Maynard Smith, J. and Price, G. R.},
	month = nov,
	year = {1973},
	pages = {15--18}
}